<record><leader>00000cas a22000007a 4500</leader><controlfield tag="001">18317156</controlfield><controlfield tag="008">880805d18231824deuwr ne      0    0eng d</controlfield><datafield ind1=" " ind2=" " tag="010"><subfield code="a">sn 88053079 </subfield></datafield><datafield ind1=" " ind2=" " tag="040"><subfield code="a">DEX</subfield><subfield code="b">eng</subfield><subfield code="c">DEX</subfield><subfield code="d">OCLCQ</subfield></datafield><datafield ind1=" " ind2=" " tag="042"><subfield code="a">msc</subfield></datafield><datafield ind1="0" ind2=" " tag="130"><subfield code="a">Wilmingtonian (Wilmington, Del. : 1823)</subfield></datafield><datafield ind1="1" ind2="4" tag="245"><subfield code="a">The Wilmingtonian.</subfield></datafield><datafield ind1=" " ind2=" " tag="260"><subfield code="a">Wilmington, Del. :</subfield><subfield code="b">Mendenhall &amp; Walters</subfield></datafield><datafield ind1=" " ind2=" " tag="300"><subfield code="a">v.</subfield></datafield><datafield ind1=" " ind2=" " tag="310"><subfield code="a">Weekly</subfield></datafield><datafield ind1="0" ind2=" " tag="362"><subfield code="a">Vol. 1, no. 1 (Sept. 18, 1823)-v. 1, no. 35 (May 13, 1824).</subfield></datafield><datafield ind1=" " ind2=" " tag="515"><subfield code="a">Preceded by an introductory issue called Vol. 1, no. 1, dated June 26, 1823.</subfield></datafield><datafield ind1=" " ind2=" " tag="752"><subfield code="a">United States</subfield><subfield code="b">Delaware</subfield><subfield code="c">New Castle</subfield><subfield code="d">Wilmington.</subfield></datafield><datafield ind1="0" ind2="0" tag="785"><subfield code="t">Wilmingtonian, and Delaware register</subfield><subfield code="w">(DLC)sn 88053080</subfield></datafield></record>